<?xml version="1.0" encoding="UTF-8"?><collection xmlns="http://www.loc.gov/MARC21/slim"><record><leader>00393nam--2200157-i-4500</leader><controlfield tag="001">000003079</controlfield><controlfield tag="002">20161230</controlfield><controlfield tag="005">20170102220814</controlfield><controlfield tag="008">060222s1000------------r-----000-0-eng-d</controlfield><datafield ind1=" " ind2=" " tag="100"><subfield code="a">Dull, Raymond</subfield></datafield><datafield ind1=" " ind2=" " tag="245"><subfield code="a">Mathematics for engineers</subfield></datafield><datafield ind1=" " ind2=" " tag="250"><subfield code="a">3rd edition</subfield></datafield><datafield ind1=" " ind2=" " tag="260"><subfield code="a">New York</subfield><subfield code="b">McGraw-Hill</subfield><subfield code="c">1951</subfield></datafield><datafield ind1=" " ind2=" " tag="490"><subfield code="a">XX+822 p.Cu Fig</subfield></datafield><datafield ind1=" " ind2=" " tag="700"><subfield code="a">Dull, Richard</subfield></datafield><datafield ind1=" " ind2=" " tag="CAT"><subfield code="a">SYS</subfield><subfield code="c">20170102</subfield><subfield code="h">220814</subfield></datafield></record></collection>